<?xml version="1.0" encoding="UTF-8"?><collection xmlns="http://www.loc.gov/MARC21/slim"><record><leader>00315nam--2200121-i-4500</leader><controlfield tag="001">000002425</controlfield><controlfield tag="002">20161230</controlfield><controlfield tag="005">20161230201025</controlfield><controlfield tag="008">060222s1000------------r-----000-0-eng-d</controlfield><datafield ind1=" " ind2=" " tag="100"><subfield code="a">Fieser, Louis F., Fieser Mary</subfield></datafield><datafield ind1=" " ind2=" " tag="245"><subfield code="a">Steroids</subfield></datafield><datafield ind1=" " ind2=" " tag="260"><subfield code="a">New York, Reinhold Publ. Corporation, 1959. Xvii + 945 P</subfield></datafield><datafield ind1=" " ind2=" " tag="852"><subfield code="a">16210</subfield></datafield></record></collection>